@article{bcast_article, 
	author={Emin Nuriyev, Juan-Antonio Rico-Gallego, and Alexey Lastovetsky},
	title={Model-based selection of optimal MPI broadcast algorithms for multi-core clusters.},
	journal={Journal of Parallel and Distributed Computing},
	volume = {vol. 165},
	pages={1--16},
	year={2022}}
	
@article{barrier_article,
	author={Jelena Pjesivac-Grbovic, Thara Angskun, George Bosilca, Graham E. Fagg, Edgar Gabriel Jack J. Dongarra},
	title={Performance Analysis of MPI Collective Operations}}

@misc{repo,
	author       = "{Valentinis A.}",
	title        = "{HPC\_final\_project}",
	year         = "2024",
	howpublished = "\url{https://github.com/ValentinisAlessio/HPC_final_project}"
}

@misc{ex2,
	author = "{Cozzini S, Tornatore L.}",
	title = "{Exercise 2}",
	year = "2024",
	howpublished = "\url{https://github.com/Foundations-of-HPC/High-Performance-Computing-2023/blob/main/ASSIGNMENTS/exercise2/exercise2.v1.pdf}"}